<record><leader>00000cas a2200000 a 4500</leader><controlfield tag="001">235578156</controlfield><controlfield tag="008">941025d19161923ohuix n       0    0eng c</controlfield><datafield ind1=" " ind2=" " tag="010"><subfield code="a">  2013229150</subfield></datafield><datafield ind1=" " ind2=" " tag="040"><subfield code="a">HLS</subfield><subfield code="b">eng</subfield><subfield code="c">HLS</subfield><subfield code="d">FUG</subfield><subfield code="d">OCLCA</subfield><subfield code="d">OCLCF</subfield><subfield code="d">OCLCO</subfield><subfield code="d">OCL</subfield><subfield code="d">OCLCA</subfield></datafield><datafield ind1=" " ind2=" " tag="042"><subfield code="a">pcc</subfield></datafield><datafield ind1=" " ind2=" " tag="043"><subfield code="a">n-us-oh</subfield></datafield><datafield ind1=" " ind2=" " tag="092"><subfield code="a">352.00611722</subfield></datafield><datafield ind1="2" ind2=" " tag="110"><subfield code="a">Civic League of Cleveland.</subfield></datafield><datafield ind1="1" ind2="0" tag="245"><subfield code="a">Civic affairs /</subfield><subfield code="c">The Civic League of Cleveland.</subfield></datafield><datafield ind1=" " ind2="1" tag="264"><subfield code="a">Cleveland, O. :</subfield><subfield code="b">The Civic League of Cleveland,</subfield><subfield code="c">1916-</subfield></datafield><datafield ind1=" " ind2=" " tag="310"><subfield code="a">Irregular</subfield></datafield><datafield ind1="1" ind2=" " tag="362"><subfield code="a">Began with: no. 1 (March 1916)</subfield></datafield><datafield ind1=" " ind2=" " tag="500"><subfield code="a">"A bulletin by the Civic League of Cleveland for the information of citizens".</subfield></datafield><datafield ind1=" " ind2=" " tag="588"><subfield code="a">Description based on: no. 1 (March 1916); title from caption.</subfield></datafield><datafield ind1=" " ind2=" " tag="588"><subfield code="a">Latest issue consulted: no. 36 (Feb. 28, 1923)</subfield></datafield><datafield ind1=" " ind2="0" tag="651"><subfield code="a">Cleveland (Ohio)</subfield><subfield code="x">Politics and government</subfield><subfield code="v">Periodicals.</subfield></datafield><datafield ind1=" " ind2="7" tag="650"><subfield code="a">Politics and government</subfield><subfield code="2">fast</subfield><subfield code="0">(OCoLC)fst01919741</subfield></datafield><datafield ind1=" " ind2="7" tag="651"><subfield code="a">Ohio</subfield><subfield code="z">Cleveland.</subfield><subfield code="2">fast</subfield><subfield code="0">(OCoLC)fst01205966</subfield></datafield><datafield ind1=" " ind2="7" tag="655"><subfield code="a">Periodicals.</subfield><subfield code="2">fast</subfield><subfield code="0">(OCoLC)fst01411641</subfield></datafield><datafield ind1="0" ind2="0" tag="780"><subfield code="a">Civic League of Cleveland.</subfield><subfield code="t">Municipal bulletin</subfield><subfield code="w">(OCoLC)41325374</subfield></datafield><datafield ind1="0" ind2="0" tag="785"><subfield code="t">Greater Cleveland</subfield><subfield code="w">(DLC)   45047284</subfield><subfield code="w">(OCoLC)2139116</subfield></datafield></record>